<?xml version="1.0" encoding="UTF-8"?>
<collection xmlns:xsi="http://www.w3.org/2001/XMLSchema-instance" xsi:schemaLocation="http://www.loc.gov/MARC21/slim http://www.loc.gov/standards/marcxml/schema/MARC21slim.xsd" xmlns="http://www.loc.gov/MARC21/slim">
<record>
  <leader>01261cam a2200265 u 4500</leader>
  <controlfield tag="001">644804</controlfield>
  <controlfield tag="003">NNC</controlfield>
  <controlfield tag="005">20100307232240.0</controlfield>
  <controlfield tag="008">880428m19311934ua |||||||||||||||||ara||</controlfield>
  <datafield tag="035" ind1=" " ind2=" ">
    <subfield code="a">(OCoLC)62398356</subfield>
  </datafield>
  <datafield tag="035" ind1=" " ind2=" ">
    <subfield code="a">(OCoLC)ocm62398356</subfield>
  </datafield>
  <datafield tag="035" ind1=" " ind2=" ">
    <subfield code="a">(CStRLIN)NYCG88-B30469</subfield>
  </datafield>
  <datafield tag="035" ind1=" " ind2=" ">
    <subfield code="9">ACV1727CU</subfield>
  </datafield>
  <datafield tag="035" ind1=" " ind2=" ">
    <subfield code="a">(NNC)644804</subfield>
  </datafield>
  <datafield tag="100" ind1="1" ind2="0">
    <subfield code="a">Dasūqī, Muḥammad ibn Aḥmad ibn ʻArafah,</subfield>
    <subfield code="d">d. 1815.</subfield>
  </datafield>
  <datafield tag="245" ind1="1" ind2="0">
    <subfield code="a">Ḥāshiyat al-Dasūqī ʻalá al-Sharḥ al-kabīr /</subfield>
    <subfield code="c">li-Shams al-Dīn Muḥammad ʻArafah al-Dasūqī ; ʻalá al-Sharḥ al-kabīr li-Abī al-Barakāt Aḥmad al-Dardīr. Wa-bi-hāmishihi al-sharḥ al-madhkūr maʻataqrīrāt li-Muḥammad ʻIllaysh.</subfield>
  </datafield>
  <datafield tag="260" ind1="0" ind2=" ">
    <subfield code="a">al-Azhar al-Sharif, Misr :</subfield>
    <subfield code="b">al-Matbaʻah al-Azhariyah,</subfield>
    <subfield code="c">1931-1934.</subfield>
  </datafield>
  <datafield tag="300" ind1=" " ind2=" ">
    <subfield code="a">4 v.</subfield>
  </datafield>
  <datafield tag="500" ind1=" " ind2=" ">
    <subfield code="a">Includes the Mukhtaṣar of Khalīl ibn Isḥāq al-Jundī.</subfield>
  </datafield>
  <datafield tag="600" ind1="1" ind2="0">
    <subfield code="a">Dardīr, Aḥmad ibn Muḥammad,</subfield>
    <subfield code="d">1715-1786.</subfield>
    <subfield code="t">Sharḥ mukhtaṣar ʻalá al-Mukhtaṣar.</subfield>
  </datafield>
  <datafield tag="650" ind1=" " ind2="0">
    <subfield code="a">Islamic law.</subfield>
  </datafield>
  <datafield tag="650" ind1=" " ind2="0">
    <subfield code="a">Malikites.</subfield>
  </datafield>
  <datafield tag="700" ind1="1" ind2="0">
    <subfield code="a">ʻIllaysh, Muḥammad ibn Aḥmad,</subfield>
    <subfield code="d">1802-1882.</subfield>
  </datafield>
  <datafield tag="700" ind1="1" ind2="1">
    <subfield code="a">Dardīr, Aḥmad ibn Muḥammad,</subfield>
    <subfield code="d">1715-1786.</subfield>
    <subfield code="t">Sharḥ mukhtaṣar ʻalá al-Mukhtaṣar.</subfield>
  </datafield>
  <datafield tag="700" ind1="0" ind2="1">
    <subfield code="a">Khalīl ibn Isḥāq al-Jundī,</subfield>
    <subfield code="d">d. 1365?</subfield>
    <subfield code="t">Mukhtaṣar.</subfield>
  </datafield>
  <datafield tag="955" ind1=" " ind2=" ">
    <subfield code="b">CU59574798</subfield>
    <subfield code="d">off,glx</subfield>
    <subfield code="e">ME06413</subfield>
    <subfield code="v">v.1</subfield>
  </datafield>
</record>
</collection>